######################################
LIBROS
######################################


@Book{Balanisantenas,
author = {Constantine A. Balanis},
title = {Antenna Theory Analysis and Design},
publisher = {Wiley-Interscience},
year = {2005},
address = {New Jersey, USA},
edition = 3ra
}


@Book{Stutzman,
author = {Warren L. Stutzman and Gary A. Thiele},
title = {Antenna Theory and Design},
publisher = {Wiley},
year = {2013},
address = {New Jersey, USA},
edition = 3ra
}


@Book{Krauss,
author = {J. D. Kraus and R. Marhefka},
title = {Antennas for all applications},
publisher = {Mc Graw Gill},
year = {2002},
address = {New York, USA},
edition = 3ra
}


@Book{Balaniselectro,
author = {Constantine A. Balanis},
title = {Advanced Engineering electromagnetics},
publisher = {Wiley},
year = {1989},
address = {New Jersey, USA}
}


@Book{Silver,
author = {Samuel Silver},
title = {Microwave Antenna Theory and Design},
publisher = {Mc Graw Gill},
year = {1949},
address = {New York, USA}
}


@Book{Collin,
author = {Robert E. Collin},
title = {Antennas and Radiowave Propagation},
publisher = {Mc Graw Gill},
year = {1985},
address = {New York, USA}
}


@Book{ARRL,
author = {ARRL},
title = {The ARRL Antenna Book},
publisher = {The ARRL Inc},
year = {2007},
address = {Connecticut, USA},
edition = 21ra
}


@Book{Carr,
author = {Joseph J. Carr},
title = {Practical Antenna Handbook},
publisher = {Mc Graw Hill},
year = {2001},
address = {New York, USA},
edition = 4th
}


@Book{Johnson,
author = {Richard Johnson},
title = {Antenna Engineering Handbook},
publisher = {Mc Graw Hill},
year = {1993},
address = {New York, USA},
edition = 3ra
}


@Book{Cheng,
author = {David K. Cheng},
title = {Fundamentals of Engineering Electromagnetics},
publisher = {Addison-Wesley},
year = {1993},
address = {Boston, USA},
edition = 2da
}


@Book{Milligan,
author = {Thomas A. Milligan},
title = {Modern Antenna Design},
publisher = {Wiley-Interscience},
year = {2005},
address = {New Jersey, USA},
edition = 2da
}


@Book{Jordan,
author = {Edward C. Jordan and Keith G. Balmain},
title = {Electromagnetic Waves and Radiating Systems},
publisher = {Prentice Hall},
year = {1968},
address = {New Jersey, USA},
edition = 2da
}


@Book{Baars,
author = {Jacob W. M. Baars},
title = {The Paraboloidal Reflector Antenna in Radio Astronomy and Communication},
publisher = {Springer},
year = {2007},
address = {New York, USA}
}


@Book{Fano2,
author = {Valentino Trainotti, Walter Gustavo Fano and Luis Antonio Dorado},
title = {Ingeniería electromagnética, Tomo II},
publisher = {Nueva Librería},
year = {2005},
address = {Buenos Aires, Argentina}
}


@Book{Fano3,
author = {Valentino Trainotti and Walter Gustavo Fano},
title = {Ingeniería electromagnética, Tomo III},
publisher = {Nueva Librería},
year = {2009},
address = {Buenos Aires, Argentina}
}


@Book{Fernandez,
author = {Juan Carlos Fernandez},
title = {Apuntes de Electromagnetismo},
publisher = {},
year = {2004},
address = {Buenos Aires, Argentina}
}


@Book{Dunsmore,
author = {Joel P. Dunsmore},
title = {Handbook of Microwave Component Measurements with Advanced VNA Techniques},
publisher = {Wiley-Interscience},
year = {2012},
address = {New Jersey, USA}
}


######################################
INTERNET
######################################


@ONLINE{Orfanidis,
author = {Sophocles J. Orfanidis},
title = {Electromagnetic Waves and Antennas},
year = {2008},
url = {http://www.ece.rutgers.edu/~orfanidi/ewa/}
}


@ONLINE{Wade,
author = {Paul Wade},
title = {The W1GHZ Microwave Antenna Book ONLINE},
year = {2003},
url = {http://www.qsl.net/n1bwt/contents.htm}
}


@ONLINE{laton,
author = {EIP Metals Ltd.},
title = {CuZn30 Rolled Brass Alloy},
url = {http://www.aurubis.co.uk/images/uploads/cuzn30.pdf}
}


@ONLINE{walfram_car_coord,
author = {Eric W. Weisstein},
title = {{"{}Cartesian Coordinates".} From {MathWorld -- A Wolfram Web Resource}},
url = {http://www.mathworld.wolfram.com/CartesianCoordinates.html}
}


@ONLINE{walfram_sphe_coord,
author = {Eric W. Weisstein},
title = {{"{}Spherical Coordinates".} From {MathWorld -- A Wolfram Web Resource}},
url = {http://www.mathworld.wolfram.com/SphericalCoordinates.html}
}


@ONLINE{walfram_bessel,
author = {Eric W. Weisstein},
title = {{"{}Bessel Function".} From {MathWorld -- A Wolfram Web Resource}},
url = {http://www.mathworld.wolfram.com/BesselFunction.html}
}


@ONLINE{walfram_bessel_first,
author = {Eric W. Weisstein},
title = {{"{}Bessel Function of the First Kind".} From {MathWorld -- A Wolfram Web Resource}},
url = {http://www.mathworld.wolfram.com/BesselFunctionoftheFirstKind.html}
}


@ONLINE{walfram_error_prop,
author = {Eric W. Weisstein},
title = {{"{}Error Propagation".} From {MathWorld -- A Wolfram Web Resource}},
url = {http://www.mathworld.wolfram.com/ErrorPropagation.html}
}


@ONLINE{Wikipedia,
author = {Wikipedia},
url = {http://www.wikipedia.com}
}


######################################
ARTÍCULOS
######################################


@inproceedings{James,
author = {G. L. James},
title = {Radiation Properties of 90$^{\,\circ}$ conical horns},
booktitle = {Electronics Letters},
volume = {13},
pages = {293-294},
month = {Mayo},
year = {1977}
}


@inproceedings{Elliott,
author = {R. S. Elliott},
title = {On the Theory of Corrugated Plane Surfaces},
booktitle = {IRE Trans. Antennas Propagat.},
volume = {2},
pages = {71-81},
month = {Abril},
year = {1954}
}


######################################
ESTÁNDARES
######################################


@book{ieee_std_149,
author = {},
publisher = {IEEE Std 149-1979 (R2008)},
title = {ANSI/IEEE Standard Test Procedures for Antennas},
year = {2008},
}


@book{ieee_std_145,
author = {},
publisher = {IEEE Std 145-1993},
title = {IEEE Standard Definitions of Terms for Antennas},
month = {Junio},
year = {1993},
}


######################################
SOFTWARE
######################################


@Misc{FEKO,
author = {Software},
title = {FEKO 6.3},
howpublished = {\url{https://www.feko.info/}},
year = {2013}
}


@Misc{Inkscape,
author = {Software},
title = {Inkscape 0.48.5},
howpublished = {\url{https://inkscape.org/es/}},
year = {2014}
}


######################################
NOTAS DE APLICACIÓN
######################################


@manual{Agilent_vna_cal,
title = {Electronic vs. Mechanical Calibration Kits: Calibration Methods and Accuracy},
organization	= {Agilent Technologies},
year = {2003}
}


@manual{Agilent_vna_err,
title = {Agilent Vector Network Analyzer Receiver, Dynamic Accuracy, Specifications ans Uncertainties},
organization	= {Agilent Technologies},
year = {2011}
}


@manual{Agilent_an_esp_err,
title = {Agilent AN 1316: Optimizing Spectrum Analyzer Amplitude Accuracy},
organization	= {Agilent Technologies},
year = {2000}
}


######################################
MANUALES DE INSTRUMENTOS DE MEDICIÓN
######################################


@manual{Agilent_vna_man,
title = {Agilent FieldFox RF Vector Network Analyzer N9923A User's Guide},
organization	= {Agilent Technologies},
year = {2010}
}


@manual{LPT_ana_esp_man,
title = {LPT-6000 Digitally Synthesized RF Spectrum Analyzer User's Guide},
organization	= {LP Technologies}
}


@manual{Agilent_gen_rf_man,
title = {Agilent N9310A RF Signal Generator User's Guide},
organization	= {Agilent Technologies},
year = {2007}
}