@book{Barthia:Handbook,
  author        = "R. Garg and P. Bhartia and I. Bahl and A. Ittipiboon",
  title         = "Microstrip Antenna Design Handbook",
  publisher     = "Artech House",
  year          = "2001"
}

@book{Balanis:Theory,
  author        = "C. A. Balanis",
  title         = "Antenna Theory: Analysis and design",
  publisher     = "Wiley-Interscience",
  year          = "2005"
}

@book{Balanis:Handbook,
  author        = "C. A. Balanis",
  title         = "Modern Antenna Handbook",
  publisher     = "Wiley",
  year          = "2008"
}

@book{Balanis:Advanced,
  author        = "C. A. Balanis",
  title         = "Advanced Engineering Electromagnetics",
  publisher     = "Wiley",
  year          = "2012"
}

@book{Yang:EBGAntennas,
  author        = "F. Yang and Y. Rahmat-Samii",
  title         = "Electromagnetic Band Gap Structures in Antenna Engineering",
  publisher     = "Cambridge University Press",
  year          = "2009"
}

@book{Joannopoulos:PhotonicCrystals,
  author        = "J. D. Joannopoulos and S. G. Johnson",
  title         = "Photonic Crystals: Molding the flow of light",
  publisher     = "Princeton University Press",
  year          = "2008"
}

@book{Markos:PhotonicCrystals,
  author        = "P. Markos and C. M. Soukoulis",
  title         = "Wave Propagation: From Electrons to Photonic Crystals and Left-Handed Materials",
  publisher     = "Princeton University Press",
  year          = "2008"
}

@book{Brillouin:WavePropagation,
  author        = "L. Brillouin",
  title         = "Wave Propagation in Periodic Structures: Electric Filters adn Crystal Lattices",
  publisher     = "Dover Publications",
  year          = "1953"
}

@book{Jiang:Metamaterial,
  author        = "X. Jiang",
  title         = "Metamaterial",
  publisher     = "Intech: Open Science",
  year          = "2012"
}

@book{Pozar:MwEngineering,
  author        = "David M. Pozar",
  title         = "Microwave Engineering",
  publisher     = "Wiley",
  year          = "2011"
}

@book{Fernandez:Electromag,
  author        = "Juan Carlos Fernández",
  title         = "Apuntes de Electromagnetismo",
  publisher     = "FIUBA",
  year          = "2004"
}

@book{Harrington:TimeHarmonic,
  author        = "Roger F. Harrington",
  title         = "Time Harmonic Electromagnetic Fields",
  publisher     = "Wiley-IEEE Press",
  year          = "2001"
}

@book{Collin:GuidedWaves,
  author        = "Robert E. Collin",
  title         = "Field Theory of Guided Waves",
  publisher     = "Wiley-IEEE Press",
  year          = "2001"
}

@book{Morin:Waves,
  author        = "David Morin",
  title         = "Waves",
  publisher     = "Aún no publicado a Octubre 2016",
  url			= {http://www.people.fas.harvard.edu/~djmorin/book.html}
}

@book{Stutzman:AntennaTheory,
  author        = "Warren L. Stutzman and Gary A Thiele",
  title         = "Antenna Theory and Design",
  publisher     = "Wiley",
  year			= "2012"
}

@book{Russell:BlochWaves,
  author        = "E. Burstein and C Weisbuch and Philip St. J. Russell and Timothy Birks and Dominic Lloyd-Lucas",
  title         = "Confined Electrons and Photons: Photonic Bloch Waves and Photonic Band Gaps",
  publisher     = "Plenum Press",
  year			= "1995"
}

@book{Caloz:ElectromagneticMetamaterials,
	author        = "Christophe Caloz and Tatsuo Itoh",
	title         = "Electromagnetic Metamaterials: Transmission line theory and microwave applications. The Engineering Approach",
	publisher     = "Wiley",
	year			= "2006"
}

@article{Allen:SurfaceWaveCoupling,
  author        = "J. L. Allen",
  title         = "On Surface-Wave coupling between elements of Large Arrays",
  journaltitle  = "IEEE Transactions on Antennas and Propagation",
  year          = "1965"
}

@article{Fano:CouplingReceiving,
  author        = "José Amado and Gustavo Fano",
  title         = "Antenna Coupling Model in Receiving Mode",
  journaltitle  = "GEMCCON 2016",
  year          = "2016"
}

@article{Malkomes:MutualCoupling,
  author        = "M. Malkomes",
  title         = "Mutual coupling between microstrip patch antennas",
  journaltitle  = "IET Electronic Letters",
  year          = "1982"
}

@article{VanLil:TLModelCoupling,
  author        = "E. H. Van Lil and A. R. Van",
  title         = "Transmission Line Model for Mutual Coupling Between Microstrip Antennas",
  journaltitle  = "IEEE Transactions on Antennas and Propagation",
  year          = "1984"
}

@article{Sievenpiper:HIESForbiddenBand,
  author        = "D. Sievenpiper and L. Zhang and R. F. Jimenez and N. G. Alexopoulos and E. Yablonovitch",
  title         = "High-Impedance Electromagnetic Surfaces with a Forbidden Frequency Band",
  journaltitle  = "IEEE Transactions on Microwave Theory and Techniques",
  year          = "1999"
}

@article{Sievenpiper:Thesis,
  author        = "D. Sievenpiper",
  title         = "High-Impedance Electromagnetic Surfaces (PhD Thesis)",
  journaltitle  = "University of California",
  year          = "1999"
}

@article{Venkateswaran:Thesis,
	author        = "Ajay Venkateswaran",
	title         = "Analysis of Planar EBG Structures Using Transmission Line Models (Thesis)",
	journaltitle  = "McGill University, Canada",
	year          = "2009"
}

@article{Polo:SurfaceWavesReview,
  author        = "J. A. Polo and A Lakhtakia",
  title         = "Surface Electromagnetic Waves: A review",
  journaltitle  = "Laser and Photonics Reviews",
  year          = "2011"
}

@article{Saikh:EBGinMSA,
  author        = "S. A. Saikh and A. A. Desai and A. A. Deshmukh",
  title         = "Electromagnetic Band Gap Structures in {MSA}",
  journaltitle  = "International Journal of Computer Applications",
  year          = "2014"
}

@article{Dodov:SurfaceWaveEffect,
  author        = "Nicola I. Dodov and Peter Zh. Petkov",
  title         = "The Surface Waves' impact on the Coupling Effect in Microstrip Antennas ",
  journaltitle  = "ICEST 2002",
  year          = "2002"
}

@article{Meade:NaturePhotonicBandGaps,
  author        = "R. M. Meade and A. M. Rappe and K. D. Brommer and J. D. Joannopoulos",
  title         = "Nature of Photonic Band Gap: Some insigts from a field analysis",
  journaltitle  = "Journal of the Optical Society of America",
  year          = "1993"
}

@article{Marcela:Tesis,
  author        = "M. F. Luberto",
  title         = "Diseño de una antena de microcintas para {WIFI} empleando estructuras {EBG} (Electromagnetic Band Gap)",
  journaltitle  = "Tesis de grado. Facultad de Ingeniería, Universidad de Buenos Aires",
  year          = "2016"
}

@article{Barlow:SurfaceWaves,
  author        = "H. M. Barlow and A. L. Cullen",
  title         = "Surface Waves",
  journaltitle  = "IEEE - Radio Section",
  year          = "1953"
}

@article{Penard:MutualCouplingMicrostrip,
  author        = "E. Penard and J. P. Daniel",
  title         = "Mutual Coupling between Microstrip Antennas",
  journaltitle  = "Electronic Letters",
  year          = "1982"
}

@article{Gonzalo:PerformancePBG,
  author        = "Ramón Gonzalo and Peter de Maagt and Mario Sorolla",
  title         = "Enhanced Patch-Antenna Performance by Suppressing Surface Waves Using Photonic-Bandgap Substrates",
  journaltitle  = "IEEE Transactions on Microwave Theory and Techniques (Vol. 47, Nº 11)",
  year          = "1999"
}

@article{Dodov:SurfaceWavesImpact,
  author        = "Nicola I. Dodov and Peter Zh. Petkov",
  title         = "The surface waves impact on the coupling effect in microstrip antennas",
  journaltitle  = "Electronic Letters",
  year          = "1982"
}

@article{Hendry:SurfaceWavesInteresting,
  author        = "Janice Hendry",
  title         = "Surface Waves: What are they? Why are they interesting?",
  journaltitle  = "Roke Manor Research",
  year          = "2009"
}

@article{Alexopoulos:PrintedDipoles,
  author        = "Nicolaos G. Alexopoulos and Inam E. Rana",
  title         = "Mutual Impedance Computation Between Printed Dipoles",
  year          = "1981"
}

@article{Iluz:PhasedArray,
	author        = "Zeev Iluz and Reuven Shavit and Reuven Bauer",
	title         = "Microstrip Antenna Phased Array with Electromagnetic Bandgap Substrate",
	journaltitle  = "IEEE Transactops on Antennas and Propagation",
	year          = "2004"
}

@article{Pozar:InputImpedanceMutualCoupling,
	author        = "David M. Pozar",
	title         = "Input Impedance and Mutual Coupling of Rectangular Microstrip Antennas",
	journaltitle  = "IEEE Transactops on Antennas and Propagation",
	year          = "1982"
}